@article{Smith199939,
title = "Security in health-care information systems—current trends ",
journal = "International Journal of Medical Informatics ",
volume = "54",
number = "1",
pages = "39 - 54",
year = "1999",
note = "",
issn = "1386-5056",
doi = "http://dx.doi.org/10.1016/S1386-5056(98)00168-3",
url = "http://www.sciencedirect.com/science/article/pii/S1386505698001683",
author = "E Smith and J.H.P Eloff",
keywords = "Health-care information systems security",
keywords = "Risk-analysis in health-care information systems",
keywords = "Access control for computerised health-care",
keywords = "Electronic patient record",
keywords = "International Medical Informatics Association",
keywords = "Managed health-care "
},
@article{Fernando2009815,
title = "The health information system security threat lifecycle: An informatics theory ",
journal = "International Journal of Medical Informatics ",
volume = "78",
number = "12",
pages = "815 - 826",
year = "2009",
note = "<ce:title>Mining of Clinical and Biomedical Text and Data Special Issue</ce:title> ",
issn = "1386-5056",
doi = "http://dx.doi.org/10.1016/j.ijmedinf.2009.08.006",
url = "http://www.sciencedirect.com/science/article/pii/S1386505609001300",
author = "Juanita I. Fernando and Linda L. Dawson",
keywords = "Health information",
keywords = "Informatics",
keywords = "Medical informatics",
keywords = "Information protection",
keywords = "Information system",
keywords = "Data security",
keywords = "Privacy",
keywords = "Hospital information system "
},
@book{beck2004extreme,
  title={Extreme programming explained: embrace change},
  author={Beck, Kent and Andres, Cynthia},
  year={2004},
  publisher={Addison-Wesley Professional}
},
@book{cockburn2002agile,
 author = {Cockburn, Alistair},
 title = {Agile software development},
 publisher = {Addison-Wesley},
 year = {2002},
 address = {Boston},
 isbn = {0201699699}
 },
 @inproceedings{turk2002limitations,
  title={Limitations of agile software processes},
  author={Turk, Dan and France, Robert and Rumpe, Bernhard},
  booktitle={Third International Conference on eXtreme Programming and Agile Processes in Software Engineering (XP 2002)},
  pages={43--46},
  year={2002}
}